@techreport{fao,
  author       = {FAO}, 
  title        = {Evapotranspiracióndel cultivo: Guías para la determinación de los requerimientos de agua de los cultivos},
  institution  = {Food and Agriculture Organization},
  year         = 1998,
  number       = 1,
  address      = {Italy}
}

@article{PEREIRA20154,
title = "Crop evapotranspiration estimation with FAO56: Past and future",
journal = "Agricultural Water Management",
volume = "147",
pages = "4 - 20",
year = "2015",
note = "Agricultural Water Management: Priorities and Challenges",
issn = "0378-3774",
doi = "https://doi.org/10.1016/j.agwat.2014.07.031",
url = "http://www.sciencedirect.com/science/article/pii/S0378377414002315",
author = "Luis S. Pereira and Richard G. Allen and Martin Smith and Dirk Raes"
}